@inproceedings{clifford2016classification,
  title        = {Classification of normal/abnormal heart sound recordings: The
                  PhysioNet/Computing in Cardiology Challenge 2016},
  author       = {Clifford, Gari D and Liu, Chengyu and Moody, Benjamin and Springer,
                  David and Silva, Ikaro and Li, Qiao and Mark, Roger G},
  booktitle    = {2016 Computing in cardiology conference (CinC)},
  pages        = {609--612},
  year         = {2016},
  organization = {IEEE}
}

@article{springer2015logistic,
  title     = {Logistic regression-HSMM-based heart sound segmentation},
  author    = {Springer, David B and Tarassenko, Lionel and Clifford, Gari D},
  journal   = {IEEE Transactions on Biomedical Engineering},
  volume    = {63},
  number    = {4},
  pages     = {822--832},
  year      = {2015},
  publisher = {IEEE}
}

@misc{who,
  author = {{World Health Organisation}},
  title  = {Cardiovascular diseases (CVDs)},
  year   = {2021},
  note   = {Last accessed 13 November 2021},
  url    = {https://www.who.int/news-room/fact-sheets/detail/cardiovascular-diseases-(cvds)}
}